[gd_scene load_steps=10 format=3 uid="uid://drs45eib56inb"]

[ext_resource type="Script" path="res://world/platforms/destructable_platform.gd" id="1_kc5ql"]

[sub_resource type="RectangleShape2D" id="RectangleShape2D_3pgag"]
resource_local_to_scene = true
size = Vector2(0, 0)

[sub_resource type="Animation" id="Animation_ndygf"]
length = 0.001
tracks/0/type = "value"
tracks/0/imported = false
tracks/0/enabled = true
tracks/0/path = NodePath("Sprite2D:self_modulate")
tracks/0/interp = 1
tracks/0/loop_wrap = true
tracks/0/keys = {
"times": PackedFloat32Array(0),
"transitions": PackedFloat32Array(1),
"update": 0,
"values": [Color(1, 1, 1, 1)]
}

[sub_resource type="Animation" id="Animation_tkdc5"]
resource_name = "flash"

[sub_resource type="Animation" id="Animation_t653t"]
resource_name = "one_third"
length = 0.001
loop_mode = 1
tracks/0/type = "value"
tracks/0/imported = false
tracks/0/enabled = true
tracks/0/path = NodePath("Sprite2D:self_modulate")
tracks/0/interp = 1
tracks/0/loop_wrap = true
tracks/0/keys = {
"times": PackedFloat32Array(0),
"transitions": PackedFloat32Array(1),
"update": 0,
"values": [Color(1, 1, 1, 0.7)]
}

[sub_resource type="Animation" id="Animation_katnv"]
resource_name = "three_thirds"

[sub_resource type="Animation" id="Animation_8byjk"]
resource_name = "two_thirds"
length = 0.001
loop_mode = 1
tracks/0/type = "value"
tracks/0/imported = false
tracks/0/enabled = true
tracks/0/path = NodePath("Sprite2D:self_modulate")
tracks/0/interp = 1
tracks/0/loop_wrap = true
tracks/0/keys = {
"times": PackedFloat32Array(0),
"transitions": PackedFloat32Array(1),
"update": 0,
"values": [Color(1, 1, 1, 1)]
}

[sub_resource type="AnimationLibrary" id="AnimationLibrary_x1djk"]
_data = {
"RESET": SubResource("Animation_ndygf"),
"flash": SubResource("Animation_tkdc5"),
"one_third": SubResource("Animation_t653t"),
"three_thirds": SubResource("Animation_katnv"),
"two_thirds": SubResource("Animation_8byjk")
}

[sub_resource type="RectangleShape2D" id="RectangleShape2D_n3hfd"]
resource_local_to_scene = true
size = Vector2(0, 0)

[node name="DestructablePlatform" type="StaticBody2D"]
collision_layer = 512
script = ExtResource("1_kc5ql")

[node name="Sprite2D" type="Sprite2D" parent="."]

[node name="CollisionShape2D" type="CollisionShape2D" parent="."]
shape = SubResource("RectangleShape2D_3pgag")
debug_color = Color(0.568627, 0.568627, 0.568627, 0.419608)

[node name="Flash" type="AnimationPlayer" parent="."]
libraries = {
"": SubResource("AnimationLibrary_x1djk")
}

[node name="DestroyArea" type="Area2D" parent="."]
collision_layer = 0
collision_mask = 3

[node name="CollisionShape2D" type="CollisionShape2D" parent="DestroyArea"]
shape = SubResource("RectangleShape2D_n3hfd")
debug_color = Color(1, 0.341176, 0.341176, 0.419608)

[connection signal="body_entered" from="DestroyArea" to="." method="_on_destroy_area_body_entered"]
